@article{ziolkowska_ziolkowski_2016,
    title = {{Effectiveness of Water Management in Europe in the 21st Century}},
    year = {2016},
    journal = {Water Resour Manage},
    author = {Ziolkowska, Jadwiga R and Ziolkowski, Bozydar},
    number = {7},
    pages = {2261--2274},
    volume = {30},
    doi = {10.1007/s11269-016-1287-9}
}

@article{xu_wang_rahbek_sanders_fang_2015,
    title = {{Geographical variation in the importance of water and energy for oak diversity}},
    year = {2015},
    journal = {Journal of Biogeography},
    author = {Xu, Xiaoting and Wang, Zhiheng and Rahbek, Carsten and Sanders, Nathan J and Fang, Jingyun},
    number = {2},
    pages = {279--288},
    volume = {43},
    doi = {10.1111/jbi.12620}
}

@article{hutton_2013,
    title = {{Global costs and benefits of reaching universal coverage of sanitation and drinking-water supply}},
    year = {2013},
    journal = {Journal of Water and Health},
    author = {Hutton, Guy},
    number = {1},
    pages = {1},
    volume = {11},
    doi = {10.2166/wh.2012.105}
}

@article{brooks_2006,
    title = {{An Operational Definition of Water Demand Management}},
    year = {2006},
    journal = {International Journal of Water Resources Development},
    author = {Brooks, David B},
    number = {4},
    pages = {521--528},
    volume = {22},
    doi = {10.1080/07900620600779699}
}

@article{mohamed_savenije_2000,
    title = {{Water demand management: Positive incentives, negative incentives or quota regulation?}},
    year = {2000},
    journal = {Physics and Chemistry of the Earth, Part B: Hydrology, Oceans and Atmosphere},
    author = {Mohamed, A S and Savenije, H H G},
    number = {3},
    pages = {251--258},
    volume = {25},
    doi = {10.1016/s1464-1909(00)00012-5}
}

@article{ponte,
    title = {{Real-time water demand forecasting system through an agent-based architecture}},
    year = {2015},
    journal = {IJBIC},
    author = {Ponte, Borja and De la Fuente, David and Pino, Raùl and Rosillo, Rafael},
    number = {3},
    pages = {147},
    volume = {7},
    url = {http://www.inderscience.com/link.php?id=69559},
    doi = {10.1504/ijbic.2015.069559},
    issn = {1758-0366}
}

@article{katko_hukka_2015,
    title = {{Social and Economic Importance of Water Services in the Built Environment: Need for More Structured Thinking}},
    year = {2015},
    journal = {Procedia Economics and Finance},
    author = {Katko, Tapio S and Hukka, Jarmo J},
    number = {15},
    pages = {217--223},
    volume = {21},
    publisher = {Elsevier B.V.},
    url = {http://dx.doi.org/10.1016/S2212-5671(15)00170-7},
    doi = {10.1016/s2212-5671(15)00170-7},
    issn = {2212-5671},
    keywords = {ageing water infrastructure, institutional development, priorities, production, provision, special features}
}

@article{willsie_ratt_1974,
    title = {{WATER USE RELATIONSHIPS AND PROJECTION CORRESPONDING WITH REGIONAL GROWTH, SEATTLE REGION}},
    year = {1974},
    journal = {Journal of the American Water Resources Association},
    author = {Willsie, Roger H and Ratt, Harry L},
    number = {2},
    pages = {360--371},
    volume = {10},
    doi = {10.1111/j.1752-1688.1974.tb00575.x}
}

@book{1_hyndmanathanasopoulos,
    title = {{Forecasting: principles and practice}},
    author = {Hyndman, Rob and Athanasopoulos, George},
    publisher = {OTexts},
    isbn = {0987507109}
}

@misc{1_digital,
    title = {{Digital, social, mobile : les chiffres 2015}},
    year = {2015},
    author = {{We Are Social}},
    url = {http://wearesocial.com}
}

@article{4_kaplanhaenlein_2010,
    title = {{Users of the world, unite! The challenges and opportunities of Social Media}},
    year = {2010},
    journal = {Business Horizons},
    author = {Andreas, Kaplan and Haenlein, Michael},
    number = {1},
    pages = {59--68},
    volume = {53},
    doi = {10.1016/j.bushor.2009.09.003}
}

@misc{5_laurent_2012,
    title = {{Microsoft rach{\`{e}}te Yammer, r{\'{e}}seau social d'entreprise, pour 1,2 milliard de dollars}},
    year = {2012},
    booktitle = {Clubic.com},
    author = {Laurent, Alexandre},
    url = {http://www.clubic.com}
}

@article{7_simula_tollinen_karjaluoto_2012,
    title = {{Facilitating innovations and value co-creation in industrial B2B firms by combining digital marketing, social media and crowdsourcing}},
    year = {2012},
    journal = {Proceedings of the 23th ISPIM Conference},
    author = {Simula, H and Tollinen, A and Karjaluoto, H}
}

@misc{10_cambie_2015,
    title = {{Maersk Line sets B2B social media example}},
    year = {2015},
    booktitle = {Simply-communicate.com},
    author = {Cambi{\'{e}}, S},
    url = {https://www.simply-communicate.com}
}

@article{9_killebrew_2014,
    title = {{Surprising Lessons from IBM in Successful B2B Content Marketing}},
    year = {2014},
    author = {Killebrew, M}
}

@article{2_jussila_krkkinen_aramo-immonen_ammirato_felicetti_della,
    title = {{Application areas of social media in external B2B transactions - An empirical analysis of Finnish technology industry}},
    year = {2015},
    author = {Jussila, J and K{\"{a}}rkk{\"{a}}inen, H and Aramo-Immonen, H and Ammirato, S and Felicetti, A and Della Gala, M}
}

@misc{6_crochet-damais_2016,
    title = {{Facebook at Work : le r{\'{e}}seau social de Facebook pour l'entreprise arrive}},
    year = {2016},
    booktitle = {Journaldunet.com},
    author = {Crochet-Damais, Antoine},
    url = {http://www.journaldunet.com}
}

@article{8_bengswiklund-engblom_2012,
    title = {{How do B2B companies motivate participation in online innovation?}},
    year = {2012},
    journal = {Proceeding of the 16th International Academic Mind-Trek Conference},
    author = {Bengs, A and Wiklund-Engblom, A},
    pages = {119--124}
}

@book{3_cigref_2014,
    title = {{Les r{\'{e}}seaux sociaux d'entreprise - Le d{\'{e}}veloppement de la culture collaborative et sociale au sein des entreprises}},
    year = {2014},
    author = {{CIGREF}}
}

@misc{1_what,
    title = {{What Is Big Data? - Gartner IT Glossary - Big Data}},
    year = {2012},
    author = {{Gartner}},
    url = {http://www.gartner.com/it-glossary/big-data/}
}

@article{1_zolynski_2015,
    title = {{Big Data : pour une {\'{e}}thique des donn{\'{e}}es}},
    year = {2015},
    journal = {I2D Information, donn{\'{e}}es {\&} documents},
    author = {Zolynski, Célia},
    pages = {25--26},
    volume = {52}
}

@misc{1_marche,
    title = {{MARCHE DE LA BI}},
    year = {2016},
    author = {{ZDNet}}
}

@misc{CNRSUneHausse,
    title = {{Une demande en hausse}},
    booktitle = {Dossier Scientifique : L'eau},
    author = {{CNRS}},
    url = {http://www.cnrs.fr}
}

@article{ZAHARANI2011WaterEducation,
    title = {{Water Conservation in the Kingdom of Saudi Arabia for Better Environment: Implications for Extension and Education}},
    year = {2011},
    journal = {Bulgarian Journal of Agricultural Science},
    author = {ZAHARANI, K and Shayaa Al-Shaya, M and Baig, M},
    number = {3},
    pages = {389--395},
    volume = {17}
}

@article{Ponte2016IntelligentManagement,
    title = {{Intelligent Decision Support System for Real-Time Water Demand Management}},
    year = {2016},
    journal = {International Journal of Computational Intelligence Systems},
    author = {Ponte, Borja and De la Fuente, David and Parreno, Jose and Pino, Raul},
    number = {1},
    pages = {168--183},
    volume = {9},
    doi = {10.1080/18756891.2016.1146533}
}

@article{Othman2008DecisionManagement,
    title = {{Decision Support Systems in Water Resources Management}},
    year = {2008},
    journal = {Proceedings of the 9th Asia Pasific Industrial Engineering {\&} Management Systems Conference (APIEMS 2008)},
    author = {Othman, Faridah and Naseri, Mahdi},
    pages = {1772--1780},
    volume = {6017235709},
    keywords = {decision support system, reservoir, water resource}
}

@article{Gato2007TemperatureModelling,
    title = {{Temperature and rainfall thresholds for base use urban water demand modelling}},
    year = {2007},
    journal = {Journal of Hydrology},
    author = {Gato, Shirley and Jayasuriya, Niranjali and Roberts, Peter},
    number = {3-4},
    pages = {364--376},
    volume = {337},
    isbn = {00221694},
    doi = {10.1016/j.jhydrol.2007.02.014},
    issn = {00221694},
    keywords = {Regression analysis, Time series analysis, Urban water demand, Water demand forecasting, Water demand modelling}
}

@article{Herrera2010PredictiveDemand,
    title = {{Predictive models for forecasting hourly urban water demand}},
    year = {2010},
    journal = {Journal of Hydrology},
    author = {Herrera, Manuel and Torgo, Lu??s and Izquierdo, Joaqu??n and P??rez-Garc??a, Rafael},
    number = {1-2},
    pages = {141--150},
    volume = {387},
    isbn = {0022-1694},
    doi = {10.1016/j.jhydrol.2010.04.005},
    issn = {00221694},
    keywords = {Machine learning algorithms, Monte Carlo simulations, Non-linear time series, Predictive regression models, Urban water demand}
}

@article{Nauges2001EstimationFrance,
    title = {{Estimation de la demande domestique d'eau potable en France}},
    year = {2001},
    journal = {Revue {\'{e}}conomique},
    author = {Nauges, Céline and Reynaud, Arnaud},
    number = {1},
    pages = {167},
    volume = {52},
    doi = {10.3917/reco.521.0167},
    issn = {0035-2764}
}

@article{Schmidt2015MindNeuromarketing,
    title = {{‘Mind Mining’: Better Customer Understanding by Applying Big Data Analysis to Neuromarketing}},
    year = {2015},
    author = {Schmidt, Steffen and Reiter, Philipp}
}

@article{Rinaudo2013PrevoirCalifornie,
    title = {{Pr{\'{e}}voir la demande en eau potable : une comparaison des m{\'{e}}thodes utilis{\'{e}}es en France et en Californie}},
    year = {2013},
    journal = {Revue SET},
    author = {Rinaudo, Jean-Daniel},
    pages = {78--85},
    url = {http://www.set-revue.fr/}
}

@article{Maidment1986DailyCities,
    title = {{Daily Water Use in Nine Cities}},
    year = {1986},
    journal = {Water Resources Research},
    author = {Maidment, David and Miaou, Shaw},
    number = {6},
    pages = {845--851},
    volume = {22},
    isbn = {1944-7973},
    doi = {10.1029/WR022i006p00845},
    issn = {19447973}
}

@misc{Shvartser1993ForecastingApproach,
    title = {{Forecasting Hourly Water Demands by Pattern Recognition Approach}},
    year = {1993},
    booktitle = {Journal of Water Resources Planning and Management},
    author = {Shvartser, Leonid and Shamir, Uri and Feldman, Mordechai},
    number = {6},
    pages = {611--627},
    volume = {119},
    doi = {10.1061/(ASCE)0733-9496(1993)119:6(611)},
    issn = {0733-9496}
}

@article{An1996DiscoveringApproach,
    title = {{Discovering rules for water demand prediction: An enhanced rough-set approach}},
    year = {1996},
    journal = {Engineering Applications of Artificial Intelligence},
    author = {An, Aijun and Shan, Ning and Chan, Christine and Cercone, Nick and Ziarko, Wojciech},
    number = {6},
    pages = {645--653},
    volume = {9},
    doi = {10.1016/S0952-1976(96)00059-0},
    issn = {09521976},
    keywords = {Knowledge discovery, Rough sets, Water demand prediction}
}

@techreport{Dziegielewski1981AnWater,
    title = {{An annotated bibliography on techniques of forecasting demand for water}},
    year = {1981},
    author = {Dziegielewski, B. and Boland, J. and Baumann, D.},
    institution = {U.S. Army Corps of Engineers},
    address = {Virginia}
}

@article{Lertpalangsunti1999ToolsetPrediction,
    title = {{Toolset for construction of hybrid intelligent forecasting systems: Application for water demand prediction}},
    year = {1999},
    journal = {Artificial Intelligence in Engineering},
    author = {Lertpalangsunti, Narate and Chan, Christine W. and Mason, Ralph and Tontiwachwuthikul, Paitoon},
    number = {1},
    pages = {21--42},
    volume = {13},
    doi = {10.1016/S0954-1810(98)00008-9},
    issn = {09541810}
}

@misc{BusinessDictionaryWhatMeaning,
    title = {{What is Machine Learning? Definition and Meaning}},
    author = {{Business Dictionary}},
    url = {http://www.businessdictionary.com/definition/machine-learning.html}
}

@misc{WikipediaSystemeMulti-agents,
    title = {{Syst{\`{e}}me multi-agents}},
    author = {{Wikipedia}},
    url = {https://fr.wikipedia.org/wiki/Syst%C3%A8me_multi-agents}
}

@article{Jennings1998ADevelopment,
    title = {{A Roadmap of Agent Research and Development}},
    year = {1998},
    journal = {Autonomous agents and multi-agent systems},
    author = {Jennings, N. R. and Sycara, K. and Wooldridge, M.},
    pages = {7--38},
    volume = {38},
    url = {http://eprints.soton.ac.uk/252112/},
    isbn = {1387-2532},
    doi = {10.1023/A:1010090405266},
    issn = {1387-2532},
    keywords = {autonomous agents, history, multi-agent systems}
}

@article{Makridakis1993AccuracyConcerns,
    title = {{Accuracy measures: theoretical and practical concerns}},
    year = {1993},
    journal = {International Journal of Forecasting},
    author = {Makridakis, Spyros},
    number = {4},
    pages = {527--529},
    volume = {9},
    isbn = {0169-2070},
    doi = {10.1016/0169-2070(93)90079-3},
    issn = {01692070}
}

@book{Cram101TextbookReviewsStudy13,
    title = {{Study Resource for Anderson's An Introduction to Management Science : Edition 13}},
    author = {{Cram101 Textbook Reviews}},
    pages = {49},
    isbn = {9781497043015}
}

@article{Donkor2014UrbanModels,
    title = {{Urban Water Demand Forecasting : Review of Methods and Models}},
    year = {2014},
    journal = {Journal of Water Resources Planning and Management},
    author = {Donkor, Emmanuel a and Mazzuchi, Thomas a and Soyer, Refik and Roberson, J Alan},
    number = {February},
    pages = {146--159},
    volume = {140},
    doi = {10.1061/(ASCE)WR.1943-5452},
    issn = {07339496}
}

@article{Holt2004ForecastingAverages,
    title = {{Forecasting seasonals and trends by exponentially weighted moving averages}},
    year = {2004},
    journal = {International Journal of Forecasting},
    author = {Holt, Charles C.},
    number = {1},
    pages = {5--10},
    volume = {20},
    isbn = {01692070},
    doi = {10.1016/j.ijforecast.2003.09.015},
    issn = {01692070},
    pmid = {21272410},
    keywords = {Exponential smoothing, Forecasting, Local seasonals, Local trends}
}

@misc{NIST/SEMATECHMethods,
    title = {{NIST/SEMATECH e-Handbook of Statistical Methods}},
    url = {http://www.itl.nist.gov/div898/handbook/}
}

@article{Nasseri2011ForecastingProgramming,
    title = {{Forecasting monthly urban water demand using Extended Kalman Filter and genetic programming}},
    year = {2011},
    journal = {Expert Systems with Applications},
    author = {Nasseri, Mohsen and Moeini, Ali and Tabesh, Massoud},
    number = {6},
    pages = {7387--7395},
    volume = {38},
    doi = {10.1016/j.eswa.2010.12.087},
    issn = {09574174},
    keywords = {Data assimilation, Extended Kalman Filter (EKF), Forecasting, Genetic programming (GP), Monthly water demand}
}

@book{Box1994TimeControl,
    title = {{Time Series Analysis: Forecasting and Control}},
    year = {1994},
    booktitle = {Journal of Time Series Analysis},
    author = {Box, G E P and Jenkins, G M},
    pages = {1--7},
    volume = {Third},
    url = {http://doi.wiley.com/10.1111/j.1467-9892.2009.00643.x},
    isbn = {0130607746},
    doi = {10.1111/j.1467-9892.2009.00643.x},
    issn = {01439782},
    pmid = {22023778}
}

@book{Lehtimaki2009FacultyEmpirical,
    title = {{Faculty of Economics and Business Administration , University of Oulu Harnessing Web 2 .0 for Business To Business Marketing - Literature Review and an Empirical}},
    year = {2009},
    booktitle = {Business Marketing},
    author = {Lehtim{\"{a}}ki, Tuula and Salo, Jari and Hiltula, Heidi and Lankinen, Mikko},
    number = {29},
    pages = {76},
    url = {http://herkules.oulu.fi/isbn9789514291203/?lang=en},
    isbn = {9789514291197},
    keywords = {business business marketing, industrial marketi}
}

@article{Katona2014MaerskMARKETING,
    title = {{Maersk Line: B2B SOCIAL MEDIA—“IT’S COMMUNICATION, NOT MARKETING}},
    year = {2014},
    journal = {California Management Review},
    author = {Katona, Zsolt and Sarvary, Miklos},
    number = {3},
    pages = {142--156},
    volume = {56},
    url = {http://cmr.ucpress.edu},
    doi = {10.1525/cmr.2014.56.3.142},
    issn = {00081256},
    keywords = {container ships, marketing, social media in business, social networks}
}

@misc{Miller2012B2BBusinesses,
    title = {{B2B Digital Marketing: Using the Web to Market Directly to Businesses}},
    year = {2012},
    author = {Miller, M},
    publisher = {Que Publishing},
    address = {New York}
}

@book{Babinet2014BigAutrement,
    title = {{Big Data, penser l'homme et le monde autrement}},
    year = {2014},
    author = {Babinet, Gilles},
    publisher = {Le Passeur}
}

@book{Morozov2015LeData,
    title = {{Le mirage num{\'{e}}rique : Pour une politique du Big Data}},
    year = {2015},
    author = {Morozov, Evgeny},
    publisher = {Les Prairies Ordinaires},
    address = {Paris}
}

@book{Dugain2016LhommeNumerique,
    title = {{L'homme nu : la dictature invisible du num{\'{e}}rique}},
    year = {2016},
    author = {Dugain, Marc and Labb{\'{e}}, Christophe},
    edition = {Plon},
    isbn = {978-2-259-24926-3}
}

@techreport{CIGREF2015LeconomieEthique,
    title = {{L’{\'{e}}conomie des donn{\'{e}}es personnelles : les enjeux d'un business {\'{e}}thique}},
    year = {2015},
    author = {{CIGREF}},
    address = {Paris}
}

@book{Morozov2014PourTechnologique,
    title = {{Pour tout r{\'{e}}soudre, cliquez ici ! L’aberration du solutionnisme technologique}},
    year = {2014},
    author = {Morozov, Evgeny},
    edition = {FYP},
    publisher = {Traduction fran{\c{c}}aise par M.-C. Braud de To save everything click here, The folly of technological solutionism},
    address = {Limoges}
}

@article{Mayer-Schonberger2013AThink,
    title = {{A Summary of ‘Big Data: A Revolution That Will Transform How We Live, Work, and Think’}},
    year = {2013},
    journal = {New Books in Brief},
    author = {Mayer-Sch{\"{o}}nberger, Viktor and Cukier, Kenneth},
    pages = {242},
    volume = {7},
    url = {http://newbooksinbrief.com},
    isbn = {978-1-84854-792-6}
}

@misc{Statista2016Number2015,
    title = {{Number of Apps Available in Leading App Stores 2015}},
    year = {2016},
    author = {{Statista}}
}

@misc{Panfili2015TousLuberisation,
    title = {{Tous les secteurs (ou presque) seraient menac{\'{e}}s par l’«uberisation»}},
    year = {2015},
    author = {Panfili, Robin},
    url = {http://www.slate.fr/story/109659/uberisation-menace-tous-secteurs}
}

@misc{Damge2015De,
    title = {{De quoi l’« uberisation » est-elle le nom ?}},
    year = {2015},
    booktitle = {Le Monde},
    author = {Damg{\'{e}}, Mathilde},
    month = {6},
    url = {http://www.lemonde.fr/les-decodeurs/article/2015/06/26/de-quoi-l-uberisation-est-elle-le-nom_4662261_4355770.html}
}

@misc{Thomson2014MauriceOmnicom,
    title = {{Maurice L{\'{e}}vy tries to pick up Publicis after failed deal with Omnicom}},
    year = {2014},
    booktitle = {Financial Times},
    author = {Thomson, Adam},
    month = {12},
    url = {https://next.ft.com/content/377f7054-81ef-11e4-b9d0-00144feabdc0},
    address = {Paris}
}

@book{Koenig2015LeGeek,
    title = {{Le r{\'{e}}volutionnaire, l'expert et le geek}},
    year = {2015},
    author = {Koenig, Gaspard},
    edition = {Plon},
    address = {Paris}
}

@book{Rifkin2014TheSociety,
    title = {{The Zero Marginal Cost Society}},
    year = {2014},
    author = {Rifkin, Jeremy},
    publisher = {Palgrave Macmillan Trade}
}

@book{Smith1776RecherchesNations,
    title = {{Recherches sur la nature et les causes de la richesse des nations}},
    year = {1776},
    author = {Smith, Adam},
    editor = {Strahan, William and Cadell, Thomas}
}

@book{Cowen2013AverageStagnation,
    title = {{Average is Over: Powering America Beyond the Age of the Great Stagnation}},
    year = {2013},
    author = {Cowen, Tyler},
    publisher = {Dutton Adult},
    isbn = {978-0-5259-5373-9}
}

@misc{Koenig2016Le,
    title = {{Le num{\'{e}}rique va-t-il tuer la d{\'{e}}mocratie ?}},
    year = {2016},
    booktitle = {Le Postillon},
    author = {Koenig, Gaspard},
    month = {4}
}

@misc{Ruquier2016OnCouche,
    title = {{On n'est pas couch{\'{e}}}},
    year = {2016},
    author = {Ruquier, Laurent},
    publisher = {France 2}
}

@book{Sloterdijk2012RepenserDemocratique,
    title = {{Repenser l'imp{\^{o}}t: pour une {\'{e}}thique du don d{\'{e}}mocratique}},
    year = {2012},
    author = {Sloterdijk, Peter},
    editor = {Sell, Libella}
}

@article{Turkle2011AloneTogether,
    title = {{Alone Together}},
    year = {2011},
    journal = {New York Magazine},
    author = {Turkle, Sherry},
    pages = {384},
    url = {http://www.amazon.co.uk/Alone-Together-Sherry-Turkle/dp/0465010210},
    isbn = {9780465010219},
    doi = {10.5613/rzs.41.3.7},
    issn = {0350154X}
}

@book{PlatonLaRepublique,
    title = {{La R{\'{e}}publique}},
    author = {{Platon}}
}

@book{Marx1867LePolitique,
    title = {{Le Capital. Critique de l'{\'{e}}conomie politique}},
    year = {1867},
    author = {Marx, Karl},
    editor = {Lach{\^{a}}tre, Maurice},
    address = {Paris}
}

@book{Standing2011TheClass,
    title = {{The Precariat: The new dangerous class}},
    year = {2011},
    author = {Standing, Guy},
    publisher = {Bloomsbury Academic},
    url = {http://www.policy-network.net/pno_detail.aspx?ID=4004&title=+The+Precariat+?+The+new+dangerous+class}
}

@article{DeBriey2016CoursAffaires,
    title = {{Cours d'{\'{e}}thique de l'{\'{e}}conomie et des affaires}},
    year = {2016},
    author = {De Briey, Laurent}
}

@book{Lanier2014WhoFuture,
    title = {{Who Owns the Future?}},
    year = {2014},
    author = {Lanier, Jaron},
    publisher = {Simon {\&} Schuster}
}

@techreport{ConseildEtatfrancais2014DigitatRights,
    title = {{Digitat technology and fundamental rights}},
    year = {2014},
    author = {{Conseil d'Etat fran{\c{c}}ais}}
}

@book{Bellanger2014LaNumerique,
    title = {{La souverainet{\'{e}} num{\'{e}}rique}},
    year = {2014},
    author = {Bellanger, Pierre},
    editor = {{Stock}}
}

@article{Hugill2016WhyManager,
    title = {{Why use a wealth manager?}},
    year = {2016},
    journal = {The Northern Echo},
    author = {Hugill, Steven}
}

@article{Nevins2004Goals-BasedFinance,
    title = {{Goals-Based Investing: Integrating Traditional and Behavioral Finance}},
    year = {2004},
    journal = {Journal of Wealth Management},
    author = {Nevins, Daniel},
    number = {4},
    pages = {8--23},
    volume = {6}
}

@misc{Tarver2015WhatManagement,
    title = {{What is private wealth management?}},
    year = {2015},
    booktitle = {Investopedia},
    author = {Tarver, Evan}
}

@phdthesis{Mirza2016AManagement,
    title = {{A Case Study on Wealth Management}},
    year = {2016},
    author = {Mirza, Aimal},
    school = {SEGi}
}

@misc{Serchuk2009WhyManager,
    title = {{Why You Need A Wealth Manager}},
    year = {2009},
    booktitle = {Forbes},
    author = {Serchuk, David}
}

@article{ZDNet2016Marche2016,
    title = {{Marche de la BI et de l'analytics : 16,9 milliards de dollars en 2016}},
    year = {2016},
    author = {{ZDNet}}
}

@misc{GDTConsultant,
    title = {{Consultant}},
    author = {{GDT}},
    url = {http://www.granddictionnaire.com/ficheOqlf.aspx?Id_Fiche=501474}
}

@misc{WikipediaTurnover,
    title = {{Turnover}},
    author = {{Wikip{\'{e}}dia}},
    url = {https://fr.wikipedia.org/wiki/Rotation_de_l%27emploi}
}

@misc{TalendLaDonnees,
    title = {{La Gouvernance de Donn{\'{e}}es}},
    author = {{Talend}},
    url = {https://fr.talend.com/solutions/data-governance}
}

@misc{LeJournaldesRHLeCoulisses,
    title = {{Le Data Steward, un chef d’orchestre {\ldots} en coulisses}},
    author = {{Le Journal des RH}},
    url = {http://www.lejournaldesrh.com/tribune-le-data-steward/}
}

@misc{WikipediaRoadmap,
    title = {{Roadmap}},
    author = {{Wikip{\'{e}}dia}},
    url = {https://fr.wikipedia.org/wiki/Roadmap}
}

@misc{Dabi-SchwebelLogicieldashboard,
    title = {{Logiciel de tableau de bord (dashboard)}},
    author = {Dabi-Schwebel, Gabriel},
    url = {https://www.1min30.com/dictionnaire-du-web/logiciel-de-tableau-de-bord-dashboard}
}